<record><leader>00000cas a22000007a 4500</leader><controlfield tag="001">10363468</controlfield><controlfield tag="008">840201d18401846meuwr ne      0    0eng d</controlfield><datafield ind1=" " ind2=" " tag="010"><subfield code="a">sn 84022353 </subfield></datafield><datafield ind1=" " ind2=" " tag="040"><subfield code="a">NPX</subfield><subfield code="b">eng</subfield><subfield code="c">NPX</subfield><subfield code="d">NPU</subfield><subfield code="d">YOX</subfield><subfield code="d">MBN</subfield><subfield code="d">OCL</subfield><subfield code="d">OCLCG</subfield><subfield code="d">KRTAS</subfield><subfield code="d">OCLCQ</subfield><subfield code="d">OCLCF</subfield><subfield code="d">OCLCO</subfield></datafield><datafield ind1="1" ind2=" " tag="029"><subfield code="a">AU@</subfield><subfield code="b">000020128913</subfield></datafield><datafield ind1=" " ind2=" " tag="042"><subfield code="a">msc</subfield></datafield><datafield ind1=" " ind2=" " tag="043"><subfield code="a">n-us-me</subfield></datafield><datafield ind1="0" ind2="0" tag="245"><subfield code="a">Maine cultivator and Hallowell weekly gazette.</subfield></datafield><datafield ind1="1" ind2="3" tag="246"><subfield code="a">Cultivator and gazette</subfield><subfield code="f">1841-1842</subfield></datafield><datafield ind1=" " ind2=" " tag="260"><subfield code="a">Hallowell, Me. :</subfield><subfield code="b">Newman &amp; Lincoln,</subfield><subfield code="c">1840-</subfield></datafield><datafield ind1=" " ind2=" " tag="300"><subfield code="a">v.</subfield></datafield><datafield ind1=" " ind2=" " tag="310"><subfield code="a">Weekly</subfield></datafield><datafield ind1="0" ind2=" " tag="362"><subfield code="a">Vol. 2, no. 3 (Oct. 10, 1840)-v. 7, no. 52 (Sept. 12, 1846).</subfield></datafield><datafield ind1=" " ind2=" " tag="500"><subfield code="a">Editors: W.A. Drew, 1840-1841; Newman &amp; Lincoln, 1841-1842; T.W. Newman, 1842; T.W. Newman, H.D. White, 1842-1846.</subfield></datafield><datafield ind1=" " ind2=" " tag="500"><subfield code="a">Publishers: Thomas W. Newman, 1842-1843; T.W. &amp; G.E. Newman, 1843-1845; T.W. Newman &amp; E. Rowell, 1845-1846.</subfield></datafield><datafield ind1=" " ind2="0" tag="651"><subfield code="a">Hallowell (Me.)</subfield><subfield code="v">Newspapers.</subfield></datafield><datafield ind1=" " ind2="7" tag="655"><subfield code="a">Newspapers.</subfield><subfield code="2">fast</subfield><subfield code="0">(OCoLC)fst01423814</subfield></datafield><datafield ind1=" " ind2="7" tag="651"><subfield code="a">Maine</subfield><subfield code="z">Hallowell.</subfield><subfield code="2">fast</subfield><subfield code="0">(OCoLC)fst01229888</subfield></datafield><datafield ind1="1" ind2=" " tag="700"><subfield code="a">Drew, William Allen,</subfield><subfield code="d">1798-1879.</subfield></datafield><datafield ind1="1" ind2=" " tag="700"><subfield code="a">Newman, Thomas W.</subfield></datafield><datafield ind1="1" ind2=" " tag="700"><subfield code="a">White, Hanson D.</subfield></datafield><datafield ind1=" " ind2=" " tag="752"><subfield code="a">United States</subfield><subfield code="b">Maine</subfield><subfield code="c">Kennebec</subfield><subfield code="d">Hallowell.</subfield></datafield><datafield ind1="0" ind2="0" tag="780"><subfield code="t">Maine cultivator and weekly gazette</subfield><subfield code="w">(DLC)sn 84025725</subfield></datafield><datafield ind1="0" ind2="0" tag="785"><subfield code="t">Maine cultivator and Hallowell gazette</subfield><subfield code="w">(DLC)sn 84022354</subfield></datafield><datafield ind1=" " ind2=" " tag="938"><subfield code="a">Kirtas Technologies, Inc.</subfield><subfield code="b">KRTS</subfield><subfield code="n">738122</subfield></datafield></record>